/home/aldomann/LaTeX/Physics/mendeley-bibs/OpenData.bib